@article{brucker99,
	author  = "Brucker, Peter and Drexl, Andreas and M{\"o}hring, Rolf and Neumann, Klaus and Pesch, Erwin",
	year    = "1999", 
	title   = "Resource-constrained project scheduling: Notation, classification, models, and methods",
	journal = "European Journal of Operational Research",
	volume  = "112",
	pages   = "3--41"
}

@article{herroelen05,
	author = "Herroelen, Willy and Leus, Roel",
	year = "2005",
	title = "Project scheduling under uncertainty: Survey and research potentials",
	journal = "European Journal of Operational Research",
	volume = "165",
	pages = "289--306"
}

@unpublished{policella07,
	author = "Policella, Nicola and Cesta, Amedeo and Oddi, Angelo and Smith, Stephen F.",
	year = "2007", 
	title = "From Precedence Constraint Posting to Partial Order Schedules"
}

@unpublished{lombardi10,
	author = "Lombardi, Michele and Milano, Michela", 
	year = "2010",
	title = "Precedence Constraint Posting for the RCPSP with Uncertain, Bounded Durations"
}

@article{smith00,
	author = "Smith, David E. and Frank, Jeremy and J{\'o}nsson, Ari K.", 
	year = "2000",
	title = "Bridging the gap between planning and scheduling",
	journal = "The
	Knowledge Engineering Review",
	volume = "15",
	pages = "47--83"
}

@article{laborie03,
	author = "Laborie, Philippe",
	year = "2003",
	title = "Algorithms for propagating resource
	constraints in AI planning and scheduling:
	Existing approaches and new results",
	journal = "Artificial Intelligence",
	volume = "143",
	pages = "151--188"
}

@unpublished{chien00,
	author = "Chien, Steve and Knight, Russel and Stechert, Andre and Sherwoo, Rob and Rabideau, Gregg", 
	year = "2000",
	title = "Using Iterative Repair to Improve the Responsiveness of Planning and Scheduling"
}
